<?xml version="1.0" encoding="UTF-8"?><collection xmlns="http://www.loc.gov/MARC21/slim"><record><leader>00440nam--2200133-i-4500</leader><controlfield tag="001">000007975</controlfield><controlfield tag="002">20161230</controlfield><controlfield tag="005">20161230201027</controlfield><controlfield tag="008">060222s1000------------r-----000-0-eng-d</controlfield><datafield ind1=" " ind2=" " tag="080"><subfield code="a">574</subfield></datafield><datafield ind1=" " ind2=" " tag="100"><subfield code="a">Baptista, A.M., Clode, William, H. E Perez Fernandez, M.A</subfield></datafield><datafield ind1=" " ind2=" " tag="245"><subfield code="a">Bocio mergulhante. diagnostico e terapeutica com o iodo radioac tivo (131 i)</subfield></datafield><datafield ind1=" " ind2=" " tag="260"><subfield code="a">Lisboa, Laboratorio De Isotopos, Abilio Lopes Do Rego, 1966. 17 P</subfield></datafield><datafield ind1=" " ind2=" " tag="852"><subfield code="a">25639</subfield></datafield></record></collection>